@inproceedings{reimers-2019-sentence-bert,
    title = "Sentence-BERT: Sentence Embeddings using Siamese BERT-Networks",
    author = "Reimers, Nils and Gurevych, Iryna",
    booktitle = "Proceedings of the 2019 Conference on Empirical Methods in Natural Language Processing",
    month = "11",
    year = "2019",
    publisher = "Association for Computational Linguistics",
    url = "http://arxiv.org/abs/1908.10084",
}

@misc{padigela2019investigating,
      title={Investigating the Successes and Failures of BERT for Passage Re-Ranking}, 
      author={Harshith Padigela and Hamed Zamani and W. Bruce Croft},
      year={2019},
      eprint={1905.01758},
      archivePrefix={arXiv},
      primaryClass={cs.IR}
}